<record><leader>00000cas a22000007a 4500</leader><controlfield tag="001">10929690</controlfield><controlfield tag="008">840709d19231923nyudn ne      0    0eng d</controlfield><controlfield tag="009">148</controlfield><datafield ind1=" " ind2=" " tag="010"><subfield code="a">sn 84031406 </subfield></datafield><datafield ind1=" " ind2=" " tag="040"><subfield code="a">NYG</subfield><subfield code="b">eng</subfield><subfield code="c">NYG</subfield><subfield code="d">NPX</subfield><subfield code="d">NYG</subfield><subfield code="d">NYS</subfield><subfield code="d">OCLCQ</subfield></datafield><datafield ind1="1" ind2=" " tag="029"><subfield code="a">AU@</subfield><subfield code="b">000024687920</subfield></datafield><datafield ind1=" " ind2=" " tag="042"><subfield code="a">msc</subfield></datafield><datafield ind1="0" ind2=" " tag="130"><subfield code="a">Evening star (Hudson, N.Y.)</subfield></datafield><datafield ind1="0" ind2="4" tag="245"><subfield code="a">The evening star.</subfield></datafield><datafield ind1="1" ind2="3" tag="246"><subfield code="a">Evening star and the Columbia Republican</subfield></datafield><datafield ind1=" " ind2=" " tag="260"><subfield code="a">Hudson, N.Y. :</subfield><subfield code="b">Hudson Republican Corp.,</subfield><subfield code="c">1923.</subfield></datafield><datafield ind1=" " ind2=" " tag="300"><subfield code="a">5 no. :</subfield><subfield code="b">ill.</subfield></datafield><datafield ind1=" " ind2=" " tag="310"><subfield code="a">Daily (except Sunday)</subfield></datafield><datafield ind1="0" ind2=" " tag="362"><subfield code="a">Whole no. 23,444 (July 2, 1923)-no. 23,448 (July 7, 1923).</subfield></datafield><datafield ind1=" " ind2=" " tag="530"><subfield code="a">Available on microfilm from the Syracuse Microfilm Company.</subfield></datafield><datafield ind1=" " ind2="4" tag="651"><subfield code="a">Hudson (N.Y.)</subfield><subfield code="v">Newspapers.</subfield></datafield><datafield ind1=" " ind2=" " tag="752"><subfield code="a">United States</subfield><subfield code="b">New York</subfield><subfield code="c">Columbia</subfield><subfield code="d">Hudson.</subfield></datafield><datafield ind1="0" ind2="0" tag="780"><subfield code="t">Hudson Republican (Hudson, N.Y. : 1909)</subfield><subfield code="w">(DLC)sn 89071118</subfield></datafield><datafield ind1="0" ind2="5" tag="780"><subfield code="t">Columbia Republican (Hudson, N.Y. : 1881)</subfield><subfield code="w">(DLC)sn 89071100</subfield><subfield code="w">(OCoLC)19056321</subfield></datafield><datafield ind1="0" ind2="0" tag="785"><subfield code="t">Hudson daily star (Hudson, N.Y. : 1923)</subfield><subfield code="w">(DLC)sn 84031411</subfield></datafield></record>